@misc{url,
  title = {Amtrak Report},
  howpublished = "\url{https://www.amtrak.com/reports-documents}",
  key = {url}
}

@misc{url2,
  title = {Data Visualizations},
  howpublished = "\url{https://www.ibm.com/cloud/learn/data-visualization}",
  key = {url2}
}
